@misc{FFTW,
  author = {juliamath},
  title  = {{FFTW}.jl},
  url    = {https://juliamath.github.io/FFTW.jl/stable/},
  note   = {last accessed: May 4 2023}
}

@article{dong2023corrosion,
  title     = {Corrosion Induced Morphology Evolution in Stressed Solids},
  author    = {Dong, Zhelin and Zhang, Weixu and Li, Xiaozhen and Han, Mingda and Long, Bin and Jiang, Peng},
  journal   = {Metals},
  volume    = {13},
  number    = {1},
  pages     = {108},
  year      = {2023},
  publisher = {Multidisciplinary Digital Publishing Institute}
}
