@misc{fft,
  author = {numpy},
  title  = {{numpy.fft}},
  url    = {https://numpy.org/doc/stable/reference/generated/numpy.fft.fft.html},
  note   = {last accessed: May 4 2023}
}
